<record><leader>00000cas a22000007a 4500</leader><controlfield tag="001">11115915</controlfield><controlfield tag="008">840904d18311833njuwr ne      0    0eng  </controlfield><datafield ind1=" " ind2=" " tag="010"><subfield code="a">sn 84020550 </subfield></datafield><datafield ind1=" " ind2=" " tag="040"><subfield code="a">DLC</subfield><subfield code="b">eng</subfield><subfield code="c">DLC</subfield><subfield code="d">NPX</subfield><subfield code="d">NPA</subfield><subfield code="d">NJW</subfield><subfield code="d">KRTAS</subfield><subfield code="d">OCLCQ</subfield></datafield><datafield ind1=" " ind2=" " tag="042"><subfield code="a">msc</subfield></datafield><datafield ind1="0" ind2="0" tag="050"><subfield code="a">Newspaper 8768-X</subfield></datafield><datafield ind1="0" ind2=" " tag="130"><subfield code="a">National union (Trenton, N.J.)</subfield></datafield><datafield ind1="1" ind2="4" tag="245"><subfield code="a">The national union.</subfield></datafield><datafield ind1=" " ind2=" " tag="260"><subfield code="a">Trenton [N.J.] :</subfield><subfield code="b">P.J. Gray</subfield></datafield><datafield ind1=" " ind2=" " tag="300"><subfield code="a">v.</subfield></datafield><datafield ind1=" " ind2=" " tag="310"><subfield code="a">Weekly</subfield></datafield><datafield ind1="1" ind2=" " tag="362"><subfield code="a">Began in 1831; ceased in 1833?</subfield></datafield><datafield ind1=" " ind2=" " tag="500"><subfield code="a">Publishers: P.J. Gray, &lt;1832&gt;; Adams &amp; Buffington, &lt;1832&gt;.</subfield></datafield><datafield ind1=" " ind2=" " tag="500"><subfield code="a">"National Republican."</subfield></datafield><datafield ind1=" " ind2=" " tag="588"><subfield code="a">Description based on: Vol. 2, no. 66 (Jan. 14, 1832).</subfield></datafield><datafield ind1=" " ind2=" " tag="752"><subfield code="a">United States</subfield><subfield code="b">New Jersey</subfield><subfield code="c">Mercer</subfield><subfield code="d">Trenton.</subfield></datafield><datafield ind1="0" ind2="0" tag="780"><subfield code="t">Union (Trenton, N.J.)</subfield><subfield code="w">(DLC)sn 84020588</subfield><subfield code="w">(OCoLC)11208269</subfield></datafield><datafield ind1="0" ind2="0" tag="785"><subfield code="t">New Jersey Democrat</subfield><subfield code="w">(DLC)sn 85035714</subfield><subfield code="w">(OCoLC)13786710</subfield></datafield><datafield ind1=" " ind2=" " tag="938"><subfield code="a">Kirtas Technologies, Inc.</subfield><subfield code="b">KRTS</subfield><subfield code="n">738752</subfield></datafield><datafield ind1="1" ind2=" " tag="029"><subfield code="a">AU@</subfield><subfield code="b">000025811466</subfield></datafield></record>